<?xml version="1.0" encoding="UTF-8"?><collection xmlns="http://www.loc.gov/MARC21/slim"><record><leader>00516nam--2200193-i-4500</leader><controlfield tag="001">000001800</controlfield><controlfield tag="002">20161230</controlfield><controlfield tag="005">20161230201024</controlfield><controlfield tag="008">060222s1000------------r-----000-0-fre-d</controlfield><datafield ind1=" " ind2=" " tag="040"><subfield code="a">IFIN-HH</subfield></datafield><datafield ind1=" " ind2=" " tag="041"><subfield code="a">fre</subfield></datafield><datafield ind1=" " ind2=" " tag="080"><subfield code="a">539.14</subfield></datafield><datafield ind1="1" ind2=" " tag="100"><subfield code="a">Giraud, B</subfield></datafield><datafield ind1="1" ind2="0" tag="245"><subfield code="a">Les reactions de transfert d'un nucleon dans la d.w.b.a</subfield><subfield code="c">B. giraud, j. picard</subfield></datafield><datafield ind1=" " ind2=" " tag="260"><subfield code="a">Saclay, France</subfield><subfield code="b">Centre D'Etudes Nucleaires</subfield><subfield code="c">1967</subfield></datafield><datafield ind1=" " ind2=" " tag="300"><subfield code="a">51 P</subfield></datafield><datafield ind1="1" ind2=" " tag="700"><subfield code="a">Picard, J</subfield></datafield><datafield ind1=" " ind2=" " tag="852"><subfield code="a">27419</subfield><subfield code="c">539.14</subfield></datafield><datafield ind1=" " ind2=" " tag="CAT"><subfield code="a">Sys</subfield><subfield code="c">20120327</subfield><subfield code="h">094726</subfield></datafield></record></collection>